@manual{euertitel.1,
	author = {Jorma Schiefner und Manuel Stipp},
	title = {\LaTeX-Pakete units und siunitx},
	year = {2013},
	url = {http://www.fh-bingen.de/fileadmin/user_upload/Lehrende/Kilsch_Dieter/internet/projekte/TedoSchStiUnits.pdf},
}

@manual{euertitel.2,
	author = {Philipp Lehman},
	title = {The BibLaTeX Package},
	year = {2016},
	url = {http://ftp.fernuni-hagen.de/ftp-dir/pub/mirrors/www.ctan.org/macros/latex/contrib/biblatex/doc/biblatex.pdf},
}

@online{euertitel.3,
	author = {Unbekannt},
	title = {\LaTeX},
	year = {2016},
	url = {https://de.wikipedia.org/wiki/LaTeX},
	urldate = {25.03.2016},
}

@article{euertitel.4,
	author = {Lex Luthor}, 
	title = {How to summon Batman}, 
	journaltitle = {DC-Magazin}, 
	date = {10.02.2016},
}

@book{euertitel.5,
	author = {Unbekannt},
	title = {Lambacher-Schweizer -Analytische Geometrie mit linearer Algebra Leistungskurs},
	year = 2015,
	isbn = {978-3-12-732320-7},
}

@misc {euertitel.6,
	author = {Misc, wenn gar nichts mehr geht},
	title = {Ist eine Fallbackstrategy f√ºr BibeTex},
	year = {2065},
	note = {Die wichtigsten Informationen sollten trotzdem angegeben werden.},
}

