@manual{vorlage.1,
	author = {Jorma Schiefner und Manuel Stipp},
	title = {\LaTeX-Pakete units und siunitx},
	year = {2013},
	url = {http://www.fh-bingen.de/fileadmin/user_upload/Lehrende/Kilsch_Dieter/internet/projekte/TedoSchStiUnits.pdf},
}

@manual{vorlage.2,
	author = {Philipp Lehman},
	title = {The BibLaTeX Package},
	year = {2016},
	url = {http://ftp.fernuni-hagen.de/ftp-dir/pub/mirrors/www.ctan.org/macros/latex/contrib/biblatex/doc/biblatex.pdf},
}

@online{vorlage.3,
	author = {Unbekannt},
	title = {\LaTeX},
	year = {2016},
	url = {https://de.wikipedia.org/wiki/LaTeX},
	urldate = {2016-05-08},
}

@article{vorlage.4,
	author = {Lex Luthor}, 
	title = {How to summon Batman}, 
	journaltitle = {DC-Magazin}, 
	date = {2016-10-02},
}

@book{vorlage.5,
	author = {Unbekannt},
	title = {Lambacher-Schweizer -Analytische Geometrie mit linearer Algebra Leistungskurs},
	year = 2015,
	isbn = {978-3-12-732320-7},
}

@misc {vorlage.6,
	author = {Misc, wenn gar nichts mehr geht},
	title = {Ist eine Fallbackstrategy f√ºr BibeTex},
	year = {2065},
	note = {Die wichtigsten Informationen sollten trotzdem angegeben werden.},
}

@online{vorlage.7,
	author = {Unbekannt},
	title = {Vorlesungssaal der DHBW Mannheim},
	year = {2016},
	url = {http://www.lorbeerdesign.de/admin/files/972/bild2_dhbw.jpg},
	urldate = {2016-05-08},
}

@online{vorlage.8,
	author = {Unbekannt},
	title = {Titelbild der Zemath der DHBW},
	year = {2016},
	url = {http://www.zemath.dhbw-mannheim.de/fileadmin/_migrated/pics/sg_ft_zemath.png},
	urldate = {2016-05-08},
}

@online{vorlage.9,
	author = {Unbekannt},
	title = {DHBW-Startseitenbild},
	year = {2016},
	url = {https://bewerber.dhbw-mannheim.de/images/966a49a.jpg?201505211620},
	urldate = {2016-05-08},
}

